@article{PrincetonAvogadroAssignment,
  title={Princeton Assignment: The Atomic Nature of Matter},
  author={David Botstein, and Tamara Broderick, and Ed Davisson, and Daniel Marlow, and William Ryu, and Kevin Wayne},
  howpublished = {\url{https://www.cs.princeton.edu/courses/archive/spring17/cos126/assignments/atomic.html}}
}